@misc{Cherone_2022, title={Chicago City Council votes 43-7 to approve new ward map after racially polarizing debate}, url={https://news.wttw.com/2022/05/16/chicago-city-council-votes-43-7-approve-new-ward-map-after-racially-polarizing-debate}, journal={WTTW News}, publisher={WWCI}, author={Cherone, Heather}, year={2022}, month={May}} 
@misc{Chicago_wards, author={{Chicago Data Portal}}, howpublished={\url{https://data.cityofchicago.org/Facilities-Geographic-Boundaries/Boundaries-Wards-2023-Map/cdf7-bgn3}}, journal={Chicago Data Portal}, publisher={City of Chicago}} 
@misc{Chicago_crimes, author={{Chicago Data Portal}}, howpublished = {\url{https://data.cityofchicago.org/Public-Safety/Crimes-Map/dfnk-7re6}}, journal={Chicago Data Portal}, publisher={City of Chicago}} 